% Encoding: UTF-8
%% This BibTeX bibliography file was created using BibDesk.
%% http://bibdesk.sourceforge.net/


%% Created for Lindesay Scott-Hayward at 2018-08-10 16:48:47 +0100 


%% Saved with string encoding Unicode (UTF-8)

@article{Harris2008,
author = {G. M. Harris and G. J. Russell and R. I. van Arde and S. L. Pimm},
 journal = {Oryx},
 number = {42 (1)},
 pages = {66--75},
 title = {Rules of habitat use by elephants \textit{Loxodonta africana} in southern {\sc A}frica:in sights for regional management},
 volume = {41},
 year = {1992}
}


@book{cressie1993,
  title={Statistics for spatial data},
  author={Cressie, N.},
  year={1993},
  publisher={John Wiley \& Sons, New York}
}

@article{Berman1992,
 author = {M. Berman and T. R. Turner},
 journal = {Journal of the Royal Statistical Society. Series C (Applied Statistics)},
 number = {1},
 pages = {31--38},
 publisher = {[Wiley, Royal Statistical Society]},
 title = {Approximating Point Process Likelihoods with {\sc GLIM}},
 volume = {41},
 year = {1992}
}



@article{https://doi.org/10.1111/2041-210X.13107,
author = {Valavi, R. and Elith, J. and Lahoz-Monfort, J. J. and Guillera-Arroita, G.},
title = {blockCV: An r package for generating spatially or environmentally separated folds for k-fold cross-validation of species distribution models},
journal = {Methods in Ecology and Evolution},
volume = {10},
number = {2},
pages = {225-232},
keywords = {block cross-validation, environmental blocking, model evaluation, spatial autocorrelation, spatial blocking, spatial leave-one-out, species distribution modelling, structured environment},
doi = {https://doi.org/10.1111/2041-210X.13107},
url = {https://besjournals.onlinelibrary.wiley.com/doi/abs/10.1111/2041-210X.13107},
eprint = {https://besjournals.onlinelibrary.wiley.com/doi/pdf/10.1111/2041-210X.13107},
year = {2019}
}


@article{renner2013,
author = {Renner, I. W. and Warton, D. I.},
title = {Equivalence of {\sc MAXENT} and Poisson Point Process Models for Species Distribution Modeling in Ecology},
journal = {Biometrics},
volume = {69},
number = {1},
pages = {274-281},
keywords = {Habitat modeling, Location-only, Maximum entropy, Poisson likelihood, Presence-only data, Use-availability},
doi = {https://doi.org/10.1111/j.1541-0420.2012.01824.x},
year = {2013}
}



@article{warton2010,
author = {D. I. Warton and L. C. Shepherd},
title = {{Poisson point process models solve the
                              “pseudo-absence problem” for presence-only data in ecology}},
volume = {4},
journal = {The Annals of Applied Statistics},
number = {3},
publisher = {Institute of Mathematical Statistics},
pages = {1383 -- 1402},
keywords = {Habitat modeling, occurrence data, pseudo-absences, quadrature points, species distribution modeling},
year = {2010},
doi = {10.1214/10-AOAS331}
}

@article{proc2011,
    title = {pROC: an open-source package for R and S+ to analyze and compare ROC curves},
    author = {Xavier R. and Turck, N. and Hainard, A. and Tiberti, N. and Lisacek, F. and Sanchez, J-C and Muller, M.},
    year = {2011},
    journal = {BMC Bioinformatics},
    volume = {12},
    pages = {77},
}

@Manual{Rcran2019,
    title = {R: A Language and Environment for Statistical Computing},
    author = {{R Core Team}},
    organization = {R Foundation for Statistical Computing},
    address = {Vienna, Austria},
    year = {2019},
    url = {https://www.R-project.org/},
}

@article{harris2018,
	title={Fin whale density and distribution estimation using acoustic bearings derived from sparse arrays},
	author={Harris, D. V. and Miksis-Olds, J. L. and Vernon, J. A. and Thomas, L.},
	journal={The Journal of the Acoustical Society of America},
	volume={143},
	number={5},
	pages={2980--2993},
	year={2018},
	publisher={ASA}
}

@article{dunlop2017,
	title={Determining the behavioural dose--response relationship of marine mammals to air gun noise and source proximity},
	author={Dunlop, R. A. and Noad, M. J. and McCauley, R. D. and Scott-Hayward, L. and Kniest, E. and Slade, R. and Paton, D. and Cato, D. H.},
	journal={Journal of Experimental Biology},
	volume={220},
	number={16},
	pages={2878--2886},
	year={2017},
	publisher={The Company of Biologists Ltd}
}

@article{russell2016,
	title={Avoidance of wind farms by harbour seals is limited to pile driving activities},
	author={Russell, D. J. F. and Hastie, G. D. and Thompson, D. and Janik, V. M. and Hammond, P. S. and Scott-Hayward, L. A. S. and Matthiopoulos, J. and Jones, E. L. and McConnell, B. J.},
	journal={Journal of Applied Ecology},
	volume={53},
	number={6},
	pages={1642--1652},
	year={2016},
	publisher={Wiley Online Library}
}

@article{Tsalyuk2019,
	author = {Tsalyuk, M. and Kilian, W. and Reineking, B. and Getz, W. M.},
	title = {Temporal variation in resource selection of \textsc{A}frican elephants follows long-term variability in resource availability},
	journal = {Ecological Monographs},
	volume = {89},
	number = {2},
	pages = {e01348},
	year = {2019},
	keywords = {African Savanna, diurnal cycle, fraction of photosynthetically active radiation, long-term memory, movement patterns, normalized difference vegetation index, satellite imagery, seasonal resource variability, spatial cognition, step selection function, time series analysis},
	doi = {10.1002/ecm.1348},
	eprint = {https://esajournals.onlinelibrary.wiley.com/doi/pdf/10.1002/ecm.1348},
}

@Webpage{mike2018,
  author        = {MIKE},
  title         = {https://cites.org/eng/prog/mike},
  year          = {2018},
  date-added    = {2018-08-10 16:44:23 +0100},
  date-modified = {2018-08-10 16:48:47 +0100},
  lastchecked   = {Aug2018},
  url           = {https://cites.org/eng/prog/mike},
}

@Webpage{Karombo2021,
  author        = {T. Karombo},
  title         = {Elephants are dying in droves in Botswana. Scientists don’t know why},
  year          = {2021},
  date-added    = {2021-05-14 06:00:00 +0100},
  lastchecked   = {June2022},
  url           = {https://www.sciencenews.org/article/african-elephant-mass-death-botswana},
}

@article{scott2014,
	Author = {L. A. S. Scott-Hayward and M. L. Mackenzie and C. R. Donovan and C. G. Walker and E. Ashe},
	Date-Added = {2018-08-10 16:44:13 +0100},
	Date-Modified = {2018-08-10 16:44:13 +0100},
	Journal = {Journal of Computational and Graphical Statistics},
	Number = {2},
	Pages = {340-360},
	Title = {Complex \textsc{R}egion \textsc{S}patial \textsc{S}moother (\textsc{CR}e\textsc{SS})},
	Volume = {23},
	Year = {2014}}

@Misc{scott2017,
  author        = {Scott-Hayward, L.A.S. and Mackenzie M.L. and Walker, C.G.},
  title         = {{\sc MRS}ea Package: Statistical modelling of bird and cetacean distributions in offshore renewables development areas},
  year          = {2021},
  publisher     = {University of St Andrews},
}

@Article{Walk2010,
  author        = {C.G. Walker and M.L. Mackenzie and C.R. Donovan and M.J. O'Sullivan},
  title         = {\textsc{SALSA} - A \textsc{S}patially \textsc{A}daptive \textsc{L}ocal \textsc{S}moothing \textsc{A}lgorithm},
  journal       = {Journal of Statistical Computation and Simulation},
  year          = {2010},
  volume        = {81},
  number        = {2},
  pages         = {179-191},
  date-modified = {2011-10-13 17:32:36 +0100},
}

@Article{Johnson1990,
  author        = {M.E. Johnson and L.M. Moore and D. Ylvisaker},
  title         = {Minimax and Maximin distance Designs},
  journal       = {Journal of Statistical Planning and Inference},
  year          = {1990},
  volume        = {26},
  pages         = {131-148},
  date-added    = {2012-02-03 12:13:21 +0000},
  date-modified = {2012-02-03 12:13:21 +0000},
}

@Article{Floyd1962,
  author        = {R. W. Floyd},
  title         = {Algorithm 97: Shortest path},
  journal       = {Communications of the ACM},
  year          = {1962},
  volume        = {5},
  pages         = {345},
  date-added    = {2012-02-03 12:13:02 +0000},
  date-modified = {2012-02-03 12:13:02 +0000},
}

@Article{schwarz1978,
  author    = {Schwarz, G.},
  title     = {Estimating the Dimension of a Model},
  journal   = {Ann. Statist.},
  year      = {1978},
  volume    = {6},
  number    = {2},
  pages     = {461--464},
  month     = {03},
  doi       = {10.1214/aos/1176344136},
  fjournal  = {The Annals of Statistics},
  publisher = {The Institute of Mathematical Statistics}
}

@Article{hurvich1989,
  author        = {Hurvich, C.M. and Tsai, C-L},
  title         = {Regression and time series model selection in small samples},
  journal       = {Biometrika},
  year          = {1989},
  volume        = {76},
  number        = {2},
  pages         = {297-307},
  __markedentry = {[lindesay:6]},
  doi           = {10.1093/biomet/76.2.297},
  eprint        = {/oup/backfile/content_public/journal/biomet/76/2/10.1093/biomet/76.2.297/2/76-2-297.pdf},
  url           = {http://dx.doi.org/10.1093/biomet/76.2.297},
}

@Article{sugiura1978,
  author    = {Nariaki S.},
  title     = {Further analysts of the data by \textsc{A}kaike' s information criterion and the finite corrections},
  journal   = {Communications in Statistics - Theory and Methods},
  year      = {1978},
  volume    = {7},
  number    = {1},
  pages     = {13-26},
  publisher = {Taylor \& Francis},
}

@Article{zidon2017,
  author   = {Zidon, R. and Garti, S. and Getz, W. M. and Saltz, D.},
  title    = {Zebra migration strategies and anthrax in \textsc{E}tosha \textsc{N}ational \textsc{P}ark, \textsc{N}amibia},
  journal  = {Ecosphere},
  year     = {2017},
  volume   = {8},
  number   = {8},
  pages    = {e01925},
  doi      = {10.1002/ecs2.1925},
  eprint   = {https://esajournals.onlinelibrary.wiley.com/doi/pdf/10.1002/ecs2.1925},
  keywords = {Bacillus anthracis, GPS telemetry, movement ecology, partial migration, tick load, water holes}
}

@Article{Lind1994,
  author  = {P. Lindeque and P. C. B. Turnbull},
  title   = {Ecology and epidemiology of anthrax in the \textsc{E}tosha \textsc{N}ational \textsc{P}ark, \textsc{N}amibia.},
  journal = {The Onderstepoort Journal of Veterinary Research},
  year    = {1994},
  volume  = {61 1},
  pages   = {71-83},
}

@Article{Turner2013,
  author   = {Turner, W. C. and Imologhome, P. and Havarua, Z. and Kaaya, G. P. and Mfune, J. K. E. and Mpofu, I. D. T. and Getz, W. M.},
  title    = {Soil ingestion, nutrition and the seasonality of anthrax in herbivores of \textsc{E}tosha \textsc{N}ational \textsc{P}ark},
  journal  = {Ecosphere},
  year     = {2013},
  volume   = {4},
  number   = {1},
  pages    = {13},
  doi      = {10.1890/ES12-00245.1},
  eprint   = {https://esajournals.onlinelibrary.wiley.com/doi/pdf/10.1890/ES12-00245.1}
}

@Article{cerasoli2017,
  author    = {Cerasoli, F. AND Iannella, M. AND D’Alessandro, P. AND Biondi, M.},
  title     = {Comparing pseudo-absences generation techniques in Boosted Regression Trees models for conservation purposes: A case study on amphibians in a protected area},
  journal   = {PLOS ONE},
  year      = {2017},
  volume    = {12},
  number    = {11},
  pages     = {1-23},
  month     = {11},
  doi       = {10.1371/journal.pone.0187589},
  publisher = {Public Library of Science},
  url       = {https://doi.org/10.1371/journal.pone.0187589},
}

@Article{senay2013,
  author    = {Senay, S. D. AND Worner, S. P. AND Ikeda, T.},
  title     = {Novel Three-Step Pseudo-Absence Selection Technique for Improved Species Distribution Modelling},
  journal   = {PLOS ONE},
  year      = {2013},
  volume    = {8},
  number    = {8},
  pages     = {1-16},
  month     = {08},
  doi       = {10.1371/journal.pone.0071218},
  publisher = {Public Library of Science},
  url       = {https://doi.org/10.1371/journal.pone.0071218},
}

@Article{barbet2012,
  author    = {Barbet-Massin, M. and Jiguet, F. and Albert, C. H. and Thuiller, W.},
  title     = {Selecting pseudo-absences for species distribution models: how, where and how many?},
  journal   = {Methods in Ecology and Evolution},
  year      = {2012},
  volume    = {3},
  number    = {2},
  pages     = {327--338},
  publisher = {Wiley Online Library},
}

@Article{lobo2010,
  author    = {Lobo, J. M. and Jim{\'e}nez-Valverde, A. and Hortal, J.},
  title     = {The uncertain nature of absences and their importance in species distribution modelling},
  journal   = {Ecography},
  year      = {2010},
  volume    = {33},
  number    = {1},
  pages     = {103--114},
  publisher = {Wiley Online Library}
}


@Article{dormann2018,
  author    = {Dormann, C. F. and Calabrese, J. M. and Guillera-Arroita, G. and Matechou, E. and Bahn, V. and Barto{\'n}, K. and Beale, C. M. and Ciuti, S. and Elith, J. and Gerstner, K. and others},
  title     = {Model averaging in ecology: a review of Bayesian, information-theoretic, and tactical approaches for predictive inference},
  journal   = {Ecological Monographs},
  year      = {2018},
  publisher = {Wiley Online Library}
}

@Comment{jabref-meta: databaseType:bibtex;}
